

@article{sein2011actiondesignresearch,
	title={{Action Design Research}},
	author={Sein, Maung K. and Henfridsson, Ola and Purao, Sandeep and Rossi, Matti and Lindgren, Rikard},
	journal={MIS Quarterly},
	pages={37--56},
	year={2011},
	publisher={JSTOR}
}



@misc{ueliSteckDeath,
	title={{Renowned Climber Ueli Steck Dies Near Mount Everest}},
	author={Jones, Sam},
	year={2017},
	howpublished = {URL: \url{https://www.theguardian.com/world/2017/apr/30/renowned-climber-ueli-steck-dies-near-mount-everest}},
	note = {({A}ccessed May 03, 2017)},
}

@phdthesis{cohen2012relationship,
	title={{The Relationship Between Personality, Sensation Seeking, Reaction Time and Sport Participation: Evidence from Drag Racers, Sport Science Students and Archers}},
	author={Cohen, Rhonda},
	year={2012},
	school={Middlesex University}
}

@misc{extremSportDefMedical,
	title={{PLACEHOLDER - Use proper citations}},
	year={2012},
	howpublished = {URL: \url{http://medical-dictionary.thefreedictionary.com/_/cite.aspx?url=http%3A%2F%2Fmedical-dictionary.thefreedictionary.com%2Fextreme%2Bsport&word=extreme%20sport&sources=Segen,MGH_Med}},
	note = {({A}ccessed May 05, 2017)},
}

@inproceedings{mueller2016technology,
	title={{Technology Meets Adventure: Learnings From an Earthquake-Interrupted Mt. Everest Expedition}},
	author={Mueller, Florian and Pell, Sarah Jane},
	booktitle={Proceedings of the 2016 ACM International Joint Conference on Pervasive and Ubiquitous Computing},
	pages={817--828},
	year={2016},
	organization={ACM}
}

@inproceedings{zhu2009human,
	title={{Human Daily Activity Recognition in Robot-Assisted Living Using Multi-Sensor Fusion}},
	author={Zhu, Chun and Sheng, Weihua},
	booktitle={Robotics and Automation, 2009. ICRA'09. IEEE International Conference on},
	pages={2154--2159},
	year={2009},
	organization={IEEE}
}

@article{zhu2011wearable,
	title={{Wearable Sensor-Based Hand Gesture and Daily Activity Recognition for Robot-Assisted Living}},
	author={Zhu, Chun and Sheng, Weihua},
	journal={IEEE Transactions on Systems, Man, and Cybernetics-Part A: Systems and Humans},
	volume={41},
	number={3},
	pages={569--573},
	year={2011},
	publisher={IEEE}
}

@inproceedings{pansiot2007ambient,
	title={{Ambient and Wearable Sensor Fusion for Activity Recognition in Healthcare Monitoring Systems}},
	author={Pansiot, Julien and Stoyanov, Danail and McIlwraith, Douglas and Lo, Benny PL and Yang, Guang-Zhong},
	booktitle={4th international workshop on wearable and implantable body sensor networks (BSN 2007)},
	pages={208--212},
	year={2007},
	organization={Springer}
}

@inproceedings{noury2002smart,
	title={{A Smart Sensor for the Remote Follow Up of Activity and Fall detection of the Elderly}},
	author={Noury, Norbert},
	booktitle={Microtechnologies in Medicine \& Biology 2nd Annual International IEEE-EMB Special Topic Conference on},
	pages={314--317},
	year={2002},
	organization={IEEE}
}

@inproceedings{zouba2009multisensor,
	title={{Multisensor Fusion for Monitoring Elderly Activities at Home}},
	author={Zouba, Nadia and Bremond, Francois and Thonnat, Monique},
	booktitle={Advanced Video and Signal Based Surveillance, 2009. AVSS'09. Sixth IEEE International Conference on},
	pages={98--103},
	year={2009},
	organization={IEEE}
}

@inproceedings{hong2008activity,
	title={{Activity Recognition Using Wearable Sensors for Elder Care}},
	author={Hong, Yu-Jin and Kim, Ig-Jae and Ahn, Sang Chul and Kim, Hyoung-Gon},
	booktitle={Future Generation Communication and Networking, 2008. FGCN'08. Second International Conference on},
	volume={2},
	pages={302--305},
	year={2008},
	organization={IEEE}
}

@article{sixsmith2004smart,
	title={A Smart Sensor to Detect the Falls of the Elderly},
	author={Sixsmith, Andrew and Johnson, Neil},
	journal={IEEE Pervasive computing},
	volume={3},
	number={2},
	pages={42--47},
	year={2004},
	publisher={IEEE}
}

@misc{chasingIceQandA,
	title={{Chasing Ice - Q and As}},
	year={2014},
	howpublished = {URL: \url{https://www.chasingice.com/wp-content/uploads/2014/05/ChasingIce_QAs_v6.pdf}},
	note = {({A}ccessed May 05, 2017)},
}

@misc{chasingIceCameraFails,
	title={{'Chasing Ice:' Experimental Cameras and Time-Lapse Recordings Chart Climate Change}},
	year={2012},
	author = {Kreindler, Sarv},
	howpublished = {URL: \url{http://www.creativeplanetnetwork.com/news/news-articles/chasing-ice-experimental-cameras-and-time-lapse-recordings-chart-climate-change/423236}},
	note = {({A}ccessed May 05, 2017)},
}

@misc{articDrillFail,
	title={{Polar Drilling Problems Revealed}},
	year={2014},
	author = {Schiermeier, Quirin},
	howpublished = {URL: \url{http://www.nature.com/news/polar-drilling-problems-revealed-1.14559}},
	note = {({A}ccessed May 05, 2017)},
}

@misc{evererstAscents,
	title={{Ascents - Everest}},
	year={2012},
	author = {Jurgalski, Eberhard},
	howpublished = {URL: \url{http://www.8000ers.com/cms/download.html?func=startdown&id=152}},
	note = {({A}ccessed May 05, 2017)},
}

@article{sung1996definition,
	title={{Definition of Adventure Travel: Conceptual Framework for Empirical Application from the Providers’ Perspective}},
	author={Sung, Heidi H. and Morrison, Alastair M. and O'Leary, Joseph T.},
	journal={Asia Pacific Journal of Tourism Research},
	volume={1},
	number={2},
	pages={47--67},
	year={1996},
	publisher={Taylor \& Francis}
}

@article{puchan2005living,
	title={{Living "Extreme": Adventure Sports, Media and Commercialisation}},
	author={Puchan, Heike},
	journal={Journal of Communication Management},
	volume={9},
	number={2},
	pages={171--178},
	year={2005},
	publisher={Emerald Group Publishing Limited}
}

@book{buxton2010sketching,
	title={{Sketching User Experiences: Getting the Design Right and the Right Design}},
	author={Buxton, Bill},
	year={2010},
	publisher={Morgan Kaufmann}
}

@book{hutchins1995cognition,
	title={{Cognition in the Wild}},
	author={Hutchins, Edwin},
	year={1995},
	publisher={MIT press}
}

@inproceedings{tholander2015snot,
	title={{Snot, Sweat, Pain, Mud, and Snow: Performance and Experience in the Use of Sports Watches}},
	author={Tholander, Jakob and Nylander, Stina},
	booktitle={Proceedings of the 33rd Annual ACM Conference on Human Factors in Computing Systems},
	pages={2913--2922},
	year={2015},
	organization={ACM}
}

@article{rooney2003knowing,
	title={{Is Knowing Enough? Increasing Physical Activity by Wearing a Pedometer}},
	author={Rooney, Brenda and Smalley, Kathy and Larson, Jennifer and Havens, Sarah},
	journal={WMJ-MADISON-},
	volume={102},
	number={4},
	pages={31--36},
	year={2003}
}

@inproceedings{salovaara2009studying,
	title={{Studying Appropriation of Everyday Technologies: A Cognitive Approach}},
	author={Salovaara, Antti},
	booktitle={CHI'09 Extended Abstracts on Human Factors in Computing Systems},
	pages={3141--3144},
	year={2009},
	organization={ACM}
}

@book{hopkins2013personal,
	title={{Personal Growth Through Adventure}},
	author={Hopkins, David and Putnam, Roger},
	year={2013},
	publisher={Routledge}
}

@misc{evererstPermitRecord2017,
	title={{Record Number of Climbers to Attempt to Scale Everest}},
	year={2017},
	author = {Gurubacharya , Binaj},
	howpublished = {URL: \url{https://www.washingtonpost.com/lifestyle/travel/record-number-of-climbers-to-attempt-scale-everest/2017/05/05/0f06439e-314e-11e7-a335-fa0ae1940305_story.html?utm_term=.ddbb758c8bb6}},
	note = {({A}ccessed May 06, 2017)},
}

@article{rotillon200643,
	title={43 - Extreme Sports (Climbing and Mountaineering)},
	author={Rotillon, Gilles},
	journal={Handbook on the Economics of Sport},
	pages={411},
	year={2006},
	publisher={Edward Elgar Publishing}
}

@misc{mountaineeringDef,
	title={{Mountaineering}},
	year={2017},
	howpublished = {URL: \url{https://www.mountaineering.scot/activities/mountaineering}},
	note = {({A}ccessed May 08, 2017)},
}

